
@article{rozenblat2018conclusion,
  title={Conclusion: Toward a Methodology for Multi-scalar Urban System Policies},
  author={Rozenblat, Celine and Pumain, Denise},
  journal={International and Transnational Perspectives on Urban Systems},
  pages={385},
  year={2018},
  publisher={Springer}
}

@phdthesis{raimbault2018caracterisation,
author = {Raimbault, J.},
title= {Caract{\'e}risation et mod{\'e}lisation de la co-{\'e}volution des r{\'e}seaux de transport et des territoires},
year={2018},
school={Universit{\'e} Paris 7 Denis Diderot}
}


@article{raimbault2018calibration,
  title={Calibration of a density-based model of urban morphogenesis},
  author={Raimbault, Juste},
  journal={PloS one},
  volume={13},
  number={9},
  pages={e0203516},
  year={2018},
  publisher={Public Library of Science}
}

@article{raimbault2018modeling,
  title={Modeling the co-evolution of cities and networks},
  author={Raimbault, Juste},
  journal={Forthcoming in Handbook of cities and networks, Rozenblat C., Niel Z., eds. arXiv:1804.09430},
  year={2018}
}


@inproceedings{raimbault2017invisible,
  title={Invisible Bridges? Scientific landscapes around similar objects studied from Economics and Geography perspectives},
  author={Raimbault, Juste},
  booktitle={20th European Colloquium in Theoretical and Quantitative Geography 2017},
  year={2017}
}

@inproceedings{raimbault2017complexity,
  title={Complexity, Complexities and Complex Knowledges},
  author={Raimbault, Juste},
  booktitle={ERC GeoDiverCity International Workshop-Theories and models of urbanization},
  year={2017}
}

@inproceedings{raimbault2014hybrid,
  title={A Hybrid Network/Grid Model of Urban Morphogenesis and Optimization},
  author={Raimbault, Juste and Banos, Arnaud and Doursat, Ren{\'e}},
  booktitle={4th International Conference on Complex Systems and Applications (ICCSA 2014)},
  pages={51--60},
  year={2014},
  organization={M. A. Aziz-Alaoui, C. Bertelle, X. Z. Liu, D. Olivier}
}