





@inproceedings{lenechet:halshs-01272236,
	Address = {Bari, Italy},
	Author = {Le N{\'e}chet, Florent and Raimbault, Juste},
	Booktitle = {{European Colloqueum on Theoretical and Quantitative Geography}},
	Month = Sep,
	Title = {{Modeling the emergence of metropolitan transport autorithy in a polycentric urban region}},
	Year = {2015}}




@article{bedau2002downward,
	Author = {Bedau, Mark},
	Journal = {Principia: an international journal of epistemology},
	Number = {1},
	Pages = {5--50},
	Title = {Downward causation and the autonomy of weak emergence},
	Volume = {6},
	Year = {2002}}



@article{berry1964cities,
	Author = {Berry, Brian JL},
	Journal = {Papers in Regional Science},
	Number = {1},
	Pages = {147--163},
	Title = {Cities as systems within systems of cities},
	Volume = {13},
	Year = {1964}}



@article{favaro2011gibrat,
	Author = {Favaro, Jean-Marc and Pumain, Denise},
	Journal = {Geographical Analysis},
	Number = {3},
	Pages = {261--286},
	Title = {Gibrat Revisited: An Urban Growth Model Incorporating Spatial Interaction and Innovation Cycles.},
	Volume = {43},
	Year = {2011}}



@inproceedings{raimbault2017identification,
  title={Identification de causalit{\'e}s dans des donn{\'e}es spatio-temporelles},
  author={Raimbault, Juste},
  booktitle={Spatial Analysis and GEOmatics 2017},
  year={2017}
}



@incollection{pumain2012urban,
	Author = {Pumain, Denise},
	Booktitle = {Complexity Theories of Cities Have Come of Age},
	Pages = {91--103},
	Publisher = {Springer},
	Title = {Urban systems dynamics, urban growth and scaling laws: The question of ergodicity},
	Year = {2012}}




@book{holland2012signals,
	Author = {Holland, John H},
	Publisher = {MIT Press},
	Title = {Signals and boundaries: Building blocks for complex adaptive systems},
	Year = {2012}}



@book{dauphine1995chaos,
	Author = {Dauphin{\'e}, Andr{\'e}},
	Publisher = {GIP Reclus},
	Title = {Chaos, fractales et dynamiques en g{\'e}ographie},
	Volume = {4},
	Year = {1995}}




@inproceedings{perez2016agent,
	Author = {Perez, Pascal and Banos, Arnaud and Pettit, Chris},
	Booktitle = {International Workshop on Agent Based Modelling of Urban Systems},
	Organization = {Springer},
	Pages = {60--69},
	Title = {Agent-Based Modelling for Urban Planning Current Limitations and Future Trends},
	Year = {2016}}




@article{pumain2003approche,
	Author = {Pumain, Denise},
	Journal = {G{\'e}ocarrefour},
	Number = {1},
	Pages = {25--31},
	Title = {Une approche de la complexit{\'e} en g{\'e}ographie},
	Volume = {78},
	Year = {2003}}




@article{pumain1997pour,
	Author = {Pumain, Denise},
	Journal = {Espace g{\'e}ographique},
	Number = {2},
	Pages = {119--134},
	Title = {Pour une th{\'e}orie {\'e}volutive des villes},
	Volume = {26},
	Year = {1997}}



@article{deffuant2015visions,
	Author = {Deffuant, Guillaume and Banos, Arnaud and Chavalarias, David and Bertelle, Cyrille and Brodu, Nicolas and Jensen, Pablo and Lesne, Annick and M{\"u}ller, Jean-Pierre and Perrier, {\'E}dith and Varenne, Franck},
	Journal = {Natures Sciences Soci{\'e}t{\'e}s},
	Number = {1},
	Pages = {42--53},
	Title = {Visions de la complexit{\'e}. Le d{\'e}mon de Laplace dans tous ses {\'e}tats},
	Volume = {23},
	Year = {2015}}




@article{chu2008criteria,
	Author = {Chu, Dominique},
	Journal = {Artificial Life},
	Number = {3},
	Pages = {313--323},
	Title = {Criteria for conceptual and operational notions of complexity},
	Volume = {14},
	Year = {2008}}



@article{raimbault2018relating,
  title={Relating complexities for the reflexive study of complex systems},
  author={Raimbault, Juste},
  journal={arXiv preprint arXiv:1811.04270},
  year={2018}
}

@article{rozenblat2018conclusion,
  title={Conclusion: Toward a Methodology for Multi-scalar Urban System Policies},
  author={Rozenblat, Celine and Pumain, Denise},
  journal={International and Transnational Perspectives on Urban Systems},
  pages={385},
  year={2018},
  publisher={Springer}
}

@phdthesis{raimbault2018caracterisation,
author = {Raimbault, J.},
title= {Caract{\'e}risation et mod{\'e}lisation de la co-{\'e}volution des r{\'e}seaux de transport et des territoires},
year={2018},
school={Universit{\'e} Paris 7 Denis Diderot}
}


@article{raimbault2018calibration,
  title={Calibration of a density-based model of urban morphogenesis},
  author={Raimbault, Juste},
  journal={PloS one},
  volume={13},
  number={9},
  pages={e0203516},
  year={2018},
  publisher={Public Library of Science}
}

@article{raimbault2018modeling,
  title={Modeling the co-evolution of cities and networks},
  author={Raimbault, Juste},
  journal={Forthcoming in Handbook of cities and networks, Rozenblat C., Niel Z., eds. arXiv:1804.09430},
  year={2018}
}


@inproceedings{raimbault2017invisible,
  title={Invisible Bridges? Scientific landscapes around similar objects studied from Economics and Geography perspectives},
  author={Raimbault, Juste},
  booktitle={20th European Colloquium in Theoretical and Quantitative Geography 2017},
  year={2017}
}

@inproceedings{raimbault2017complexity,
  title={Complexity, Complexities and Complex Knowledges},
  author={Raimbault, Juste},
  booktitle={ERC GeoDiverCity International Workshop-Theories and models of urbanization},
  year={2017}
}

@inproceedings{raimbault2014hybrid,
  title={A Hybrid Network/Grid Model of Urban Morphogenesis and Optimization},
  author={Raimbault, Juste and Banos, Arnaud and Doursat, Ren{\'e}},
  booktitle={4th International Conference on Complex Systems and Applications (ICCSA 2014)},
  pages={51--60},
  year={2014},
  organization={M. A. Aziz-Alaoui, C. Bertelle, X. Z. Liu, D. Olivier}
}